@book{andreas2005grundkurs,
    title     = { Grundkurs IT-Berufe: die technischen Grundlagen verstehen und anwenden können },
    author    = { Andreas M. Böhm and Bettina Jungkunz },
    isbn      = { 9783528059132 },
    url       = { https://books.google.de/books?id=tws9IGwds8MC },
    year      = { 2005 },
    publisher = { Vieweg }
}
